@book{mpost,
    author = "John D. Hobby",
    title = "METAPOST - РУКОВОДСТВО ПОЛЬЗОВАТЕЛЯ",
    language = "russian"
}
